@article{baydin2018automatic,
  title={Automatic differentiation in machine learning: a survey},
  author={Baydin, Atılım Güneş and Pearlmutter, Barak A and Radul, Alexey Andreyevich and Siskind, Jeffrey Mark},
  journal={Journal of Machine Learning Research},
  volume={18},
  number={153},
  pages={1--43},
  year={2018}
}

@article{cleveland1979robust,
  title={Robust locally weighted regression and smoothing scatterplots},
  author={Cleveland, William S},
  journal={Journal of the American Statistical Association},
  volume={74},
  number={368},
  pages={829--836},
  year={1979},
  publisher={Taylor \& Francis}
}

@book{de2001numerical,
  title={A practical guide to splines},
  author={De Boor, Carl},
  year={2001},
  publisher={Springer}
}

@misc{findiff,
  author = {Marvin Ritter},
  title = {FinDiff: A Python package for numerical derivatives and partial differential equations},
  year = {2023},
  url = {https://github.com/maroba/findiff}
}

@article{fornberg1988generation,
  title={Generation of finite difference formulas on arbitrarily spaced grids},
  author={Fornberg, Bengt},
  journal={Mathematics of Computation},
  volume={51},
  number={184},
  pages={699--706},
  year={1988}
}

@misc{jax2018github,
  author = {JAX Team},
  title = {JAX: Composable transformations of Python+NumPy programs},
  year = {2018},
  url = {https://github.com/jax-ml/jax}
}

@article{lyness1967numerical,
  title={Numerical differentiation of analytic functions},
  author={Lyness, James N and Moler, Cleve B},
  journal={SIAM Journal on Numerical Analysis},
  volume={4},
  number={2},
  pages={202--210},
  year={1967},
  publisher={SIAM}
}

@article{sympy2017,
  title={SymPy: symbolic computing in Python},
  author={Meurer, Aaron and Smith, Christopher P and Paprocki, Mateusz and {\v{C}}ert{\'\i}k, Ond{\v{r}}ej and Kirpichev, Sergey B and Rocklin, Matthew and Kumar, AMiT and Ivanov, Sergiu and Moore, Jason K and Singh, Sartaj and others},
  journal={PeerJ Computer Science},
  volume={3},
  pages={e103},
  year={2017},
  publisher={PeerJ Inc.}
}

@misc{numdifftools,
  author = {Per A. Brodtkorb},
  title = {Numdifftools: Solve automatic numerical differentiation problems in one or more variables},
  year = {2023},
  url = {https://github.com/pbrod/numdifftools}
}

@book{ramsay2005functional,
  title={Functional data analysis},
  author={Ramsay, James O and Silverman, Bernard W},
  year={2005},
  publisher={Springer}
}

@article{virtanen2020scipy,
  title={SciPy 1.0: fundamental algorithms for scientific computing in Python},
  author={Virtanen, Pauli and Gommers, Ralf and Oliphant, Travis E and Haberland, Matt and Reddy, Tyler and Cournapeau, David and Burovski, Evgeni and Peterson, Pearu and Weckesser, Warren and Bright, Jonathan and others},
  journal={Nature Methods},
  volume={17},
  number={3},
  pages={261--272},
  year={2020},
  publisher={Nature Publishing Group}
}

@article{boker2002method,
  title={A method for modeling the intrinsic dynamics of intraindividual variability: Recovering the parameters of simulated oscillators in multi-wave panel data},
  author={Boker, Steven M and Nesselroade, John R},
  journal={Multivariate Behavioral Research},
  volume={37},
  number={1},
  pages={127--160},
  year={2002},
  publisher={Taylor \& Francis}
}

@incollection{boker2010generalized,
  title={Generalized local linear approximation of derivatives from time series},
  author={Boker, Steven M and Deboeck, Pascal R and Edler, Christopher and Keel, Pamela K},
  booktitle={Statistical methods for modeling human dynamics: An interdisciplinary dialogue},
  editor={Chow, Sy-Miin and Ferrer, Emilio and Hsieh, Fushing},
  pages={161--178},
  year={2010},
  publisher={Routledge}
}

@article{deboeck2010estimating,
  title={Estimating dynamical systems: Derivative estimation hints from Sir Ronald A. Fisher},
  author={Deboeck, Pascal R},
  journal={Multivariate Behavioral Research},
  volume={45},
  number={4},
  pages={725--745},
  year={2010},
  publisher={Taylor \& Francis}
}

@incollection{deboeck2008modeling,
  title={Modeling individual differences in the derivatives of multiple time series},
  author={Deboeck, Pascal R and Boker, Steven M and Bergeman, Cindy S},
  booktitle={Modeling dyadic and interdependent data in the developmental and behavioral sciences},
  editor={Card, Noel A and Selig, James P and Little, Todd D},
  pages={155--187},
  year={2008},
  publisher={Routledge}
}

@article{oertzen2010time,
  title={Time delay embedding increases estimation precision of models of intraindividual variability},
  author={von Oertzen, Timo and Boker, Steven M},
  journal={Psychometrika},
  volume={75},
  number={1},
  pages={158--175},
  year={2010},
  publisher={Springer}
}

@book{ramsay2009functional,
  title={Functional data analysis with R and MATLAB},
  author={Ramsay, James O and Hooker, Giles and Graves, Spencer},
  year={2009},
  publisher={Springer}
}

@article{chow2011dynamic,
  title={Dynamic factor analysis models with time-varying parameters},
  author={Chow, Sy-Miin and Zu, Jungmeen and Shifren, Kim and Zhang, Guangjian},
  journal={Multivariate Behavioral Research},
  volume={46},
  number={2},
  pages={303--339},
  year={2011},
  publisher={Taylor \& Francis}
}

@article{chen2018neural,
  title={Neural ordinary differential equations},
  author={Chen, Ricky TQ and Rubanova, Yulia and Bettencourt, Jesse and Duvenaud, David K},
  journal={Advances in Neural Information Processing Systems},
  volume={31},
  year={2018}
}

@article{raissi2019physics,
  title={Physics-informed neural networks: A deep learning framework for solving forward and inverse problems involving nonlinear partial differential equations},
  author={Raissi, Maziar and Perdikaris, Paris and Karniadakis, George E},
  journal={Journal of Computational Physics},
  volume={378},
  pages={686--707},
  year={2019},
  publisher={Elsevier}
}

@article{karniadakis2021physics,
  title={Physics-informed machine learning},
  author={Karniadakis, George Em and Kevrekidis, Ioannis G and Lu, Lu and Perdikaris, Paris and Wang, Sifan and Yang, Liu},
  journal={Nature Reviews Physics},
  volume={3},
  number={6},
  pages={422--440},
  year={2021},
  publisher={Nature Publishing Group}
}

@article{kontschieder2015deep,
  title={Deep neural decision forests},
  author={Kontschieder, Peter and Fiterau, Madalina and Criminisi, Antonio and Rota Bulo, Samuel},
  booktitle={Proceedings of the IEEE International Conference on Computer Vision},
  pages={1467--1475},
  year={2015}
}

@article{solak2003derivative,
  title={Derivative observations in Gaussian process models of dynamic systems},
  author={Solak, Ercan and Murray-Smith, Roderick and Leithead, William E and Leith, Douglas J and Rasmussen, Carl E},
  journal={Advances in Neural Information Processing Systems},
  volume={15},
  year={2003}
}

@article{aitsahalia2014high,
  title={High-frequency financial econometrics},
  author={A{\"i}t-Sahalia, Yacine and Jacod, Jean},
  year={2014},
  publisher={Princeton University Press}
}

@article{clark2001ecological,
  title={Ecological forecasts: An emerging imperative},
  author={Clark, James S and Carpenter, Stephen R and Barber, Mary and Collins, Scott and Dobson, Andy and Foley, Jonathan A and Lodge, David M and Pascual, Mercedes and Pielke Jr, Roger and Pizer, William and others},
  journal={Science},
  volume={293},
  number={5530},
  pages={657--660},
  year={2001},
  publisher={American Association for the Advancement of Science}
}

@book{cont2004financial,
  title={Financial modelling with jump processes},
  author={Cont, Rama and Tankov, Peter},
  year={2004},
  publisher={Chapman and Hall/CRC}
}

@article{shu1998essentially,
  title={Essentially non-oscillatory and weighted essentially non-oscillatory schemes for hyperbolic conservation laws},
  author={Shu, Chi-Wang},
  journal={Advanced Numerical Approximation of Nonlinear Hyperbolic Equations},
  pages={325--432},
  year={1998},
  publisher={Springer}
}

@article{popov2019neural,
  title={Neural oblivious decision ensembles for deep learning on tabular data},
  author={Popov, Sergei and Morozov, Stanislav and Babenko, Artem},
  journal={arXiv preprint arXiv:1909.06312},
  year={2019}
}

@article{frosst2017distilling,
  title={Distilling a neural network into a soft decision tree},
  author={Frosst, Nicholas and Hinton, Geoffrey},
  journal={arXiv preprint arXiv:1711.09784},
  year={2017}
}

@article{piao2020characteristics,
  title={Characteristics, drivers and feedbacks of global greening},
  author={Piao, Shilong and Wang, Xuhui and Park, Taejin and Chen, Chi and Lian, Xu and He, Yue and Bjerke, Jarle W and Chen, Anping and Ciais, Philippe and Tømmervik, Hans and others},
  journal={Nature Reviews Earth \& Environment},
  volume={1},
  number={1},
  pages={14--27},
  year={2020},
  publisher={Nature Publishing Group}
}
